% TODO Sources here
@unpublished{ExampleEntry,
  author = "Example Author",
  title  = "Example Title",
  year   = 2023
}
